@misc{latex,
title = "LaTeX - A document preparation system",
howpublished = "\url{http://www.latex-project.org/}",
note = "[Online; accessed 2022-03-15]"
}

@misc{pato,
title = "PATO-SOFT is soft development company",
howpublished = "\url{https://www.pato-soft.pl/}",
note = "[Online; accessed 2022-06-21]"
}

@misc{google,
title = "Most popular search engine",
howpublished = "\url{https://www.google.com}",
note = "[Online; accessed 2022-05-04]"
}