@misc{google,
title = "Episode regarding windows registry",
howpublished = "\url{https://youtu.be/TW_-ZSWKlTY}",
note = "[Online; accessed 2021]"
}

@misc{wiki_pipeline,
title = "Article regarding pipeline term",
howpublished = "\url{https://en.wikipedia.org/wiki/Pipeline_(software)}",
note = "[Online; accessed 2021-07-10]"
}

@misc{ctan_glossaries,
title= "Glossaries {\LaTeX} package page on \acrshort{ctan}",
howpublished = "\url{https://www.ctan.org/pkg/glossaries}",
note = "[Online; accessed 2021-07-10]"
}

@misc{stack_plural_glossaries,
title= "{TeX} Stackexchange issue regarding specyfing custom plural form for \gls{glossary} entries",
howpublished = "\url{https://tex.stackexchange.com/questions/128396/defining-plural-form-for-glossaries-entries}",
note = "[Online; accessed 2021-07-10]"
}